[gd_scene load_steps=51 format=3 uid="uid://tergs3ifumn6"]

[ext_resource type="Script" path="res://Componentes/Codigos/jugador.gd" id="1_4rsxr"]
[ext_resource type="Texture2D" uid="uid://bdtiewpu36yds" path="res://Componentes/Texturas/Personajes/Player.png" id="1_q45ry"]

[sub_resource type="AtlasTexture" id="AtlasTexture_bok66"]
atlas = ExtResource("1_q45ry")
region = Rect2(0, 224, 32, 32)

[sub_resource type="AtlasTexture" id="AtlasTexture_eorgi"]
atlas = ExtResource("1_q45ry")
region = Rect2(32, 224, 32, 32)

[sub_resource type="AtlasTexture" id="AtlasTexture_is80w"]
atlas = ExtResource("1_q45ry")
region = Rect2(64, 224, 32, 32)

[sub_resource type="AtlasTexture" id="AtlasTexture_wdfwu"]
atlas = ExtResource("1_q45ry")
region = Rect2(96, 224, 32, 32)

[sub_resource type="AtlasTexture" id="AtlasTexture_xmeqc"]
atlas = ExtResource("1_q45ry")
region = Rect2(0, 160, 32, 32)

[sub_resource type="AtlasTexture" id="AtlasTexture_ycq88"]
atlas = ExtResource("1_q45ry")
region = Rect2(32, 160, 32, 32)

[sub_resource type="AtlasTexture" id="AtlasTexture_268xe"]
atlas = ExtResource("1_q45ry")
region = Rect2(64, 160, 32, 32)

[sub_resource type="AtlasTexture" id="AtlasTexture_5baes"]
atlas = ExtResource("1_q45ry")
region = Rect2(96, 160, 32, 32)

[sub_resource type="AtlasTexture" id="AtlasTexture_wsjp5"]
atlas = ExtResource("1_q45ry")
region = Rect2(128, 160, 32, 32)

[sub_resource type="AtlasTexture" id="AtlasTexture_gj5dy"]
atlas = ExtResource("1_q45ry")
region = Rect2(160, 160, 32, 32)

[sub_resource type="AtlasTexture" id="AtlasTexture_ypj7f"]
atlas = ExtResource("1_q45ry")
region = Rect2(0, 96, 32, 32)

[sub_resource type="AtlasTexture" id="AtlasTexture_e5r7p"]
atlas = ExtResource("1_q45ry")
region = Rect2(32, 96, 32, 32)

[sub_resource type="AtlasTexture" id="AtlasTexture_ui3s0"]
atlas = ExtResource("1_q45ry")
region = Rect2(64, 96, 32, 32)

[sub_resource type="AtlasTexture" id="AtlasTexture_tu56p"]
atlas = ExtResource("1_q45ry")
region = Rect2(96, 96, 32, 32)

[sub_resource type="AtlasTexture" id="AtlasTexture_dqjk4"]
atlas = ExtResource("1_q45ry")
region = Rect2(128, 96, 32, 32)

[sub_resource type="AtlasTexture" id="AtlasTexture_aai12"]
atlas = ExtResource("1_q45ry")
region = Rect2(160, 96, 32, 32)

[sub_resource type="AtlasTexture" id="AtlasTexture_smefy"]
atlas = ExtResource("1_q45ry")
region = Rect2(0, 128, 32, 32)

[sub_resource type="AtlasTexture" id="AtlasTexture_6nw5p"]
atlas = ExtResource("1_q45ry")
region = Rect2(32, 128, 32, 32)

[sub_resource type="AtlasTexture" id="AtlasTexture_uvmye"]
atlas = ExtResource("1_q45ry")
region = Rect2(64, 128, 32, 32)

[sub_resource type="AtlasTexture" id="AtlasTexture_tahng"]
atlas = ExtResource("1_q45ry")
region = Rect2(96, 128, 32, 32)

[sub_resource type="AtlasTexture" id="AtlasTexture_owby6"]
atlas = ExtResource("1_q45ry")
region = Rect2(128, 128, 32, 32)

[sub_resource type="AtlasTexture" id="AtlasTexture_f2mh6"]
atlas = ExtResource("1_q45ry")
region = Rect2(160, 128, 32, 32)

[sub_resource type="AtlasTexture" id="AtlasTexture_ejdg6"]
atlas = ExtResource("1_q45ry")
region = Rect2(0, 64, 32, 32)

[sub_resource type="AtlasTexture" id="AtlasTexture_rhbbt"]
atlas = ExtResource("1_q45ry")
region = Rect2(32, 64, 32, 32)

[sub_resource type="AtlasTexture" id="AtlasTexture_xt0a3"]
atlas = ExtResource("1_q45ry")
region = Rect2(64, 64, 32, 32)

[sub_resource type="AtlasTexture" id="AtlasTexture_y5dfc"]
atlas = ExtResource("1_q45ry")
region = Rect2(96, 64, 32, 32)

[sub_resource type="AtlasTexture" id="AtlasTexture_ln80k"]
atlas = ExtResource("1_q45ry")
region = Rect2(128, 64, 32, 32)

[sub_resource type="AtlasTexture" id="AtlasTexture_po48n"]
atlas = ExtResource("1_q45ry")
region = Rect2(160, 64, 32, 32)

[sub_resource type="AtlasTexture" id="AtlasTexture_gihte"]
atlas = ExtResource("1_q45ry")
region = Rect2(0, 0, 32, 32)

[sub_resource type="AtlasTexture" id="AtlasTexture_t0yva"]
atlas = ExtResource("1_q45ry")
region = Rect2(32, 0, 32, 32)

[sub_resource type="AtlasTexture" id="AtlasTexture_3hyvt"]
atlas = ExtResource("1_q45ry")
region = Rect2(64, 0, 32, 32)

[sub_resource type="AtlasTexture" id="AtlasTexture_xcafj"]
atlas = ExtResource("1_q45ry")
region = Rect2(96, 0, 32, 32)

[sub_resource type="AtlasTexture" id="AtlasTexture_w07ux"]
atlas = ExtResource("1_q45ry")
region = Rect2(128, 0, 32, 32)

[sub_resource type="AtlasTexture" id="AtlasTexture_lsr0s"]
atlas = ExtResource("1_q45ry")
region = Rect2(160, 0, 32, 32)

[sub_resource type="AtlasTexture" id="AtlasTexture_68rpf"]
atlas = ExtResource("1_q45ry")
region = Rect2(0, 32, 32, 32)

[sub_resource type="AtlasTexture" id="AtlasTexture_xi347"]
atlas = ExtResource("1_q45ry")
region = Rect2(32, 32, 32, 32)

[sub_resource type="AtlasTexture" id="AtlasTexture_ryetj"]
atlas = ExtResource("1_q45ry")
region = Rect2(64, 32, 32, 32)

[sub_resource type="AtlasTexture" id="AtlasTexture_iy1lg"]
atlas = ExtResource("1_q45ry")
region = Rect2(96, 32, 32, 32)

[sub_resource type="AtlasTexture" id="AtlasTexture_qs85f"]
atlas = ExtResource("1_q45ry")
region = Rect2(128, 32, 32, 32)

[sub_resource type="AtlasTexture" id="AtlasTexture_7v3ua"]
atlas = ExtResource("1_q45ry")
region = Rect2(160, 32, 32, 32)

[sub_resource type="AtlasTexture" id="AtlasTexture_21uf0"]
atlas = ExtResource("1_q45ry")
region = Rect2(0, 286, 32, 26)

[sub_resource type="AtlasTexture" id="AtlasTexture_85fx8"]
atlas = ExtResource("1_q45ry")
region = Rect2(32, 286, 32, 26)

[sub_resource type="AtlasTexture" id="AtlasTexture_b667n"]
atlas = ExtResource("1_q45ry")
region = Rect2(64, 286, 32, 26)

[sub_resource type="AtlasTexture" id="AtlasTexture_ci74l"]
atlas = ExtResource("1_q45ry")
region = Rect2(96, 286, 32, 26)

[sub_resource type="SpriteFrames" id="SpriteFrames_pw5kt"]
animations = [{
"frames": [{
"duration": 1.0,
"texture": SubResource("AtlasTexture_bok66")
}, {
"duration": 1.0,
"texture": SubResource("AtlasTexture_eorgi")
}, {
"duration": 1.0,
"texture": SubResource("AtlasTexture_is80w")
}, {
"duration": 1.0,
"texture": SubResource("AtlasTexture_wdfwu")
}],
"loop": false,
"name": &"Ataque",
"speed": 5.0
}, {
"frames": [{
"duration": 1.0,
"texture": SubResource("AtlasTexture_xmeqc")
}, {
"duration": 1.0,
"texture": SubResource("AtlasTexture_ycq88")
}, {
"duration": 1.0,
"texture": SubResource("AtlasTexture_268xe")
}, {
"duration": 1.0,
"texture": SubResource("AtlasTexture_5baes")
}, {
"duration": 1.0,
"texture": SubResource("AtlasTexture_wsjp5")
}, {
"duration": 1.0,
"texture": SubResource("AtlasTexture_gj5dy")
}],
"loop": false,
"name": &"Correr arriba",
"speed": 5.0
}, {
"frames": [{
"duration": 1.0,
"texture": SubResource("AtlasTexture_ypj7f")
}, {
"duration": 1.0,
"texture": SubResource("AtlasTexture_e5r7p")
}, {
"duration": 1.0,
"texture": SubResource("AtlasTexture_ui3s0")
}, {
"duration": 1.0,
"texture": SubResource("AtlasTexture_tu56p")
}, {
"duration": 1.0,
"texture": SubResource("AtlasTexture_dqjk4")
}, {
"duration": 1.0,
"texture": SubResource("AtlasTexture_aai12")
}],
"loop": false,
"name": &"Correr avajo",
"speed": 5.0
}, {
"frames": [{
"duration": 1.0,
"texture": SubResource("AtlasTexture_smefy")
}, {
"duration": 1.0,
"texture": SubResource("AtlasTexture_6nw5p")
}, {
"duration": 1.0,
"texture": SubResource("AtlasTexture_uvmye")
}, {
"duration": 1.0,
"texture": SubResource("AtlasTexture_tahng")
}, {
"duration": 1.0,
"texture": SubResource("AtlasTexture_owby6")
}, {
"duration": 1.0,
"texture": SubResource("AtlasTexture_f2mh6")
}],
"loop": false,
"name": &"Correr lateral",
"speed": 5.0
}, {
"frames": [{
"duration": 1.0,
"texture": SubResource("AtlasTexture_ejdg6")
}, {
"duration": 1.0,
"texture": SubResource("AtlasTexture_rhbbt")
}, {
"duration": 1.0,
"texture": SubResource("AtlasTexture_xt0a3")
}, {
"duration": 1.0,
"texture": SubResource("AtlasTexture_y5dfc")
}, {
"duration": 1.0,
"texture": SubResource("AtlasTexture_ln80k")
}, {
"duration": 1.0,
"texture": SubResource("AtlasTexture_po48n")
}],
"loop": true,
"name": &"Espera arriba",
"speed": 5.0
}, {
"frames": [{
"duration": 1.0,
"texture": SubResource("AtlasTexture_gihte")
}, {
"duration": 1.0,
"texture": SubResource("AtlasTexture_t0yva")
}, {
"duration": 1.0,
"texture": SubResource("AtlasTexture_3hyvt")
}, {
"duration": 1.0,
"texture": SubResource("AtlasTexture_xcafj")
}, {
"duration": 1.0,
"texture": SubResource("AtlasTexture_w07ux")
}, {
"duration": 1.0,
"texture": SubResource("AtlasTexture_lsr0s")
}],
"loop": true,
"name": &"Espera avajo",
"speed": 5.0
}, {
"frames": [{
"duration": 1.0,
"texture": SubResource("AtlasTexture_68rpf")
}, {
"duration": 1.0,
"texture": SubResource("AtlasTexture_xi347")
}, {
"duration": 1.0,
"texture": SubResource("AtlasTexture_ryetj")
}, {
"duration": 1.0,
"texture": SubResource("AtlasTexture_iy1lg")
}, {
"duration": 1.0,
"texture": SubResource("AtlasTexture_qs85f")
}, {
"duration": 1.0,
"texture": SubResource("AtlasTexture_7v3ua")
}],
"loop": true,
"name": &"Espera lateral",
"speed": 5.0
}, {
"frames": [{
"duration": 1.0,
"texture": SubResource("AtlasTexture_21uf0")
}, {
"duration": 1.0,
"texture": SubResource("AtlasTexture_85fx8")
}, {
"duration": 1.0,
"texture": SubResource("AtlasTexture_b667n")
}, {
"duration": 1.0,
"texture": SubResource("AtlasTexture_ci74l")
}],
"loop": false,
"name": &"Muerte",
"speed": 5.0
}]

[sub_resource type="RectangleShape2D" id="RectangleShape2D_f130t"]
size = Vector2(9, 6.5)

[sub_resource type="RectangleShape2D" id="RectangleShape2D_ifwlq"]
size = Vector2(12.5, 18)

[sub_resource type="CapsuleShape2D" id="CapsuleShape2D_jqhht"]
radius = 7.0
height = 22.0

[node name="Jugador" type="CharacterBody2D"]
top_level = true
script = ExtResource("1_4rsxr")

[node name="Forma" type="AnimatedSprite2D" parent="."]
sprite_frames = SubResource("SpriteFrames_pw5kt")
animation = &"Ataque"
autoplay = "Espera avajo"

[node name="Colicion" type="CollisionShape2D" parent="."]
position = Vector2(0, 4.25)
shape = SubResource("RectangleShape2D_f130t")

[node name="Impacto" type="Area2D" parent="." groups=["Jugador"]]

[node name="CollisionShape2D" type="CollisionShape2D" parent="Impacto"]
position = Vector2(0, -2)
shape = SubResource("RectangleShape2D_ifwlq")

[node name="Ataque" type="Area2D" parent="."]

[node name="CollisionShape2D" type="CollisionShape2D" parent="Ataque"]
position = Vector2(6, -1.7)
shape = SubResource("CapsuleShape2D_jqhht")

[node name="Congelado" type="Timer" parent="."]
one_shot = true

[node name="Daño de sona ardiente" type="Timer" parent="."]
autostart = true

[node name="Tiempo de salto" type="Timer" parent="."]
wait_time = 1.5
one_shot = true

[node name="CanvasLayer" type="CanvasLayer" parent="."]
layer = 0

[node name="UI Jugador" type="Control" parent="CanvasLayer"]
layout_mode = 3
anchors_preset = 15
anchor_right = 1.0
anchor_bottom = 1.0
grow_horizontal = 2
grow_vertical = 2

[node name="ProgressBar" type="ProgressBar" parent="CanvasLayer/UI Jugador"]
layout_mode = 1
offset_left = 15.0
offset_top = 15.0
offset_right = 265.0
offset_bottom = 65.0

[connection signal="area_entered" from="Impacto" to="." method="_on_impacto_area_entered"]
[connection signal="area_exited" from="Impacto" to="." method="_on_impacto_area_exited"]
[connection signal="timeout" from="Congelado" to="." method="_on_congelado_timeout"]
[connection signal="timeout" from="Daño de sona ardiente" to="." method="_on_daño_de_sona_ardiente_timeout"]
[connection signal="timeout" from="Tiempo de salto" to="." method="_on_tiempo_de_salto_timeout"]
